@misc{agrawal2016vqavisualquestionanswering,
      title={VQA: Visual Question Answering}, 
      author={Aishwarya Agrawal and Jiasen Lu and Stanislaw Antol and Margaret Mitchell and C. Lawrence Zitnick and Dhruv Batra and Devi Parikh},
      year={2016},
      eprint={1505.00468},
      archivePrefix={arXiv},
      primaryClass={cs.CL},
      url={https://arxiv.org/abs/1505.00468}, 
}
@misc{kim2021viltvisionandlanguagetransformerconvolution,
      title={ViLT: Vision-and-Language Transformer Without Convolution or Region Supervision}, 
      author={Wonjae Kim and Bokyung Son and Ildoo Kim},
      year={2021},
      eprint={2102.03334},
      archivePrefix={arXiv},
      primaryClass={stat.ML},
      url={https://arxiv.org/abs/2102.03334}, 
}
@misc{dosovitskiy2021imageworth16x16words,
      title={An Image is Worth 16x16 Words: Transformers for Image Recognition at Scale}, 
      author={Alexey Dosovitskiy and Lucas Beyer and Alexander Kolesnikov and Dirk Weissenborn and Xiaohua Zhai and Thomas Unterthiner and Mostafa Dehghani and Matthias Minderer and Georg Heigold and Sylvain Gelly and Jakob Uszkoreit and Neil Houlsby},
      year={2021},
      eprint={2010.11929},
      archivePrefix={arXiv},
      primaryClass={cs.CV},
      url={https://arxiv.org/abs/2010.11929}, 
}
@misc{whitehead2022reliablevisualquestionanswering,
      title={Reliable Visual Question Answering: Abstain Rather Than Answer Incorrectly}, 
      author={Spencer Whitehead and Suzanne Petryk and Vedaad Shakib and Joseph Gonzalez and Trevor Darrell and Anna Rohrbach and Marcus Rohrbach},
      year={2022},
      eprint={2204.13631},
      archivePrefix={arXiv},
      primaryClass={cs.CV},
      url={https://arxiv.org/abs/2204.13631}, 
}
@misc{guo2017calibrationmodernneuralnetworks,
      title={On Calibration of Modern Neural Networks}, 
      author={Chuan Guo and Geoff Pleiss and Yu Sun and Kilian Q. Weinberger},
      year={2017},
      eprint={1706.04599},
      archivePrefix={arXiv},
      primaryClass={cs.LG},
      url={https://arxiv.org/abs/1706.04599}, 
}
@misc{dancette2023improvingselectivevisualquestion,
      title={Improving Selective Visual Question Answering by Learning from Your Peers}, 
      author={Corentin Dancette and Spencer Whitehead and Rishabh Maheshwary and Ramakrishna Vedantam and Stefan Scherer and Xinlei Chen and Matthieu Cord and Marcus Rohrbach},
      year={2023},
      eprint={2306.08751},
      archivePrefix={arXiv},
      primaryClass={cs.CV},
      url={https://arxiv.org/abs/2306.08751}, 
}
@article{article,
author = {Platt, John},
year = {2000},
month = {06},
pages = {},
title = {Probabilistic Outputs for Support Vector Machines and Comparisons to Regularized Likelihood Methods},
volume = {10},
journal = {Adv. Large Margin Classif.}
}
@misc{geifman2017selectiveclassificationdeepneural,
      title={Selective Classification for Deep Neural Networks}, 
      author={Yonatan Geifman and Ran El-Yaniv},
      year={2017},
      eprint={1705.08500},
      archivePrefix={arXiv},
      primaryClass={cs.LG},
      url={https://arxiv.org/abs/1705.08500}, 
}
@unpublished{QuantificationLecture,
  Author = {Anna Ruhrbach and Marcus Ruhrbach},
  Institution = {TU Darmstadt},
  Year = {2024},
  Title = {Lecture 11: Quantification}
}
